<?xml version="1.0" encoding="UTF-8"?><collection xmlns="http://www.loc.gov/MARC21/slim"><record><leader>00584nam--2200133-i-4500</leader><controlfield tag="001">000023646</controlfield><controlfield tag="002">20161230</controlfield><controlfield tag="005">20161230201035</controlfield><controlfield tag="008">060222s1000------------r-----000-0-eng-d</controlfield><datafield ind1=" " ind2=" " tag="080"><subfield code="a">061.3:621.039.58:614.898:341.67</subfield></datafield><datafield ind1=" " ind2=" " tag="245"><subfield code="a">Experience and trends in nuclear law.a selection of papers presented at the seminar on the development of nuclear law, bangkok, 6-11 april 1970 and the inter-regional training course on the legal aspects of nuclear energy, athens 7-18 december 1970</subfield></datafield><datafield ind1=" " ind2=" " tag="260"><subfield code="a">Vienna, International Atomic Energy Agency, 1972. 169p</subfield></datafield><datafield ind1=" " ind2=" " tag="490"><subfield code="a">Legal Series</subfield></datafield><datafield ind1=" " ind2=" " tag="852"><subfield code="a">24340</subfield></datafield></record></collection>